@book{ GQM,
       author = "Rini van Solingen, Egon Berghout",
       title = "The Goal/Question/Metric Method: a practical guide for quality improvement of software development.",
       year = "1999" }
       
@article{ GQM-wiki,
        author = "Wikipedia",
        title = "GQM",
        year = "2018",
        note={\url{https://en.wikipedia.org/wiki/GQM}} }
        
@article{ GQM-approach,
        author = "John Tanner",
        title = "AGILE METRICS: A GQM APPROACH",
        year = "2017",
        note={\url{https://www.leadingagile.com/2017/05/agile-metrics-gqm-approach/}} }

@article{ UCM,
        author = "Wikipedia",
        title = "Use case diagram",
        year = "2018",
        note={\url{https://en.wikipedia.org/wiki/Use_case_diagram}} }
        
@article{ GQM-eduardo,
        author = "Eduardo Figueiredo",
        title = "Goal-Question-Metric (GQM)",
        year = "unknown year",
        note={\url{http://homepages.dcc.ufmg.br/~figueiredo/disciplinas/lectures/goal-question-metric_v01.pdf}} }

@book{ GQM-book,
  author    = "Christiane Differding, Barbara Hoisl, Christopher M. Lott",
  title     = "Technology Package for the Goal Question Metric Paradigm",
  publisher = "",
  year      = 1996}
  
@book{ GQM-Bjorn,
  author    = "Bjorn Lindstrom ",
  title     = "A Software Measurement Case Study using GQM",
  publisher = "",
  year      = unknown year }
  
@article{ GQM-book2,
        author = "Raf Cammarano",
        title = "Goal Question Metric (GQM) Model",
        year = "2008",
        note={\url{https://rafcammarano.wordpress.com/2008/04/07/goal-question-metric-gqm-model/}} }
        
@article{ CN,
        author = "Guru99",
        title = "Learn Mccabe's Cyclomatic Complexity with Example",
        year = "unknown year",
        note={\url{https://www.guru99.com/cyclomatic-complexity.html}} }
        
%------------new ones
@article{ OOD,
        author = "Pankaj Kamthan",
        title = "METRICS FOR CLASSES IN OBJECT-ORIENTED DESIGN ",
        year = "2018",
        note={\url{http://users.encs.concordia.ca/~kamthan/courses/soen-6611/ood_metrics_classes.pdf}} }
        
@article{ Correlation,
        author = "Pankaj Kamthan",
        title = "INTRODUCTION TO ANALYSIS OF SOFTWARE MEASUREMENT DATA",
        year = "2018",
        note={\url{http://users.encs.concordia.ca/~kamthan/courses/soen-6611/software_measurement_data_analysis.pdf}} }
%----------------------------------------------------------
% there are few examples below
%% An article from a journal or magazine.
@article{,
  author    = "",
  title     = "",
  journal   = "",
  volume    = ,
  year      = 
}

%% A book with an explicit publisher.
@book{,
  author    = "",
  title     = "Technology Package for the Goal Question Metric Paradigm",
  publisher = "",
  year      = 
}

%% The same as inproceedings
@conference{,
  author    = "",
  title     = "",
  booktitle = "",
  number    = ,
  year      = 
}
    
%% An article in a conference proceedings.
@inproceedings{,
  author    = "",
  title     = "",
  booktitle = "",
  year      = 
}

%% A Master's thesis.
@masterthesis{,
  author = "",
  title  = "",
  school = "",
  year   = 
}
    
%% An online resource (BibLaTeX only)
@online{,
  author       = "",
  title        = "",
  year         = ,
  url          = {},
  urldate      = "",
}

%% A Ph.D. thesis.
@phdthesis{,
  author = "",
  title  = "",
  school = "",
  year   = 
}

%% A report published by a school or other institution, usually numbered within a series.
@techreport{,
  author      = "",
  title       = "",
  institution = "",
  year        = 
}
%% A document having an author and title, but not formally published
@unpublished{,
  author = "",
  title  = "",
  note   = "",
  month  = "",
  year   = 
}
   
